% This file was created with JabRef 2.10.
% Encoding: UTF-8

@incollection{pathplan,
title = {Chapter 1 - Introduction},
editor = {Hui Liu},
booktitle = {Robot Systems for Rail Transit Applications},
publisher = {Elsevier},
pages = {1-36},
year = {2020},
isbn = {978-0-12-822968-2},
doi = {https://doi.org/10.1016/B978-0-12-822968-2.00001-2},
url = {https://www.sciencedirect.com/science/article/pii/B9780128229682000012},
author = {Hui Liu},
keywords = {Dispatch, Human–robot interaction, Maintenance, Manufacturing, Navigation, Path planning, Positioning, Power management}
}
@ARTICLE{astar,
  author={Hart, Peter E. and Nilsson, Nils J. and Raphael, Bertram},
  journal={IEEE Transactions on Systems Science and Cybernetics}, 
  title={A Formal Basis for the Heuristic Determination of Minimum Cost Paths}, 
  year={1968},
  volume={4},
  number={2},
  pages={100-107},
  doi={10.1109/TSSC.1968.300136}
}

@INPROCEEDINGS{dstar,
  author={Stentz, A.},
  booktitle={Proceedings of the 1994 IEEE International Conference on Robotics and Automation}, 
  title={Optimal and efficient path planning for partially-known environments}, 
  year={1994},
  volume={},
  number={},
  pages={3310-3317 vol.4},
  doi={10.1109/ROBOT.1994.351061}
}

@article{rrt,
  title={Rapidly-exploring random trees : a new tool for path planning},
  author={Steven M. LaValle},
  journal={The annual research report},
  year={1998}
}

@ARTICLE{prm,
  author={Kavraki, L.E. and Svestka, P. and Latombe, J.-C. and Overmars, M.H.},
  journal={IEEE Transactions on Robotics and Automation}, 
  title={Probabilistic roadmaps for path planning in high-dimensional configuration spaces}, 
  year={1996},
  volume={12},
  number={4},
  pages={566-580},
  doi={10.1109/70.508439}
}

@INPROCEEDINGS{irrt,
  author    = {Gammell, Jonathan D. and Srinivasa, Siddhartha S. and Barfoot, Timothy D.},
  booktitle = {2014 IEEE/RSJ International Conference on Intelligent Robots and Systems},
  title     = {Informed RRT: Optimal sampling-based path planning focused via direct sampling of an admissible ellipsoidal heuristic},
  year      = {2014},
  pages     = {2997-3004},
  doi       = {10.1109/IROS.2014.6942976}
}

@INPROCEEDINGS{astar-rrt,
  author    = {Brunner, Michael and Brüggemann, Bernd and Schulz, Dirk},
  booktitle = {2013 IEEE International Conference on Robotics and Automation},
  title     = {Hierarchical rough terrain motion planning using an optimal sampling-based method},
  year      = {2013},
  pages     = {5539-5544},
  doi       = {10.1109/ICRA.2013.6631372}
}

@ARTICLE{nrrt,
  author    = {Wang, Jiankun and Chi, Wenzheng and Li, Chenming and Wang, Chaoqun and Meng, Max Q.-H.},
  journal   = {IEEE Transactions on Automation Science and Engineering}, 
  title     = {Neural RRT*: Learning-Based Optimal Path Planning}, 
  year      = {2020},
  volume    = {17},
  number    = {4},
  pages     = {1748-1758},
  doi       = {10.1109/TASE.2020.2976560}
}

@Article{FMT,
  author    = {Lucas Janson and Marco Pavone},
  title     = {Fast Marching Trees: a Fast Marching Sampling-Based Method for Optimal Motion Planning in Many Dimensions - Extended Version},
  journal   = {CoRR},
  volume    = {abs/1306.3532},
  year      = {2013}
}

@Article{AOSA,
  author    = {Sertac Karaman and Emilio Frazzoli},
  title     = {Sampling-based algorithms for optimal motion planning},
  journal   = {The International Journal of Robotics Research},
  volume    = {30},
  number    = {7},
  pages     = {846-894},
  year      = {2011},
  doi       = {10.1177/0278364911406761}
}

@ARTICLE{GMRRRT,
  author    = {Wang, Jiankun and Li, Tingguang and Li, Baopu and Meng, Max Q.-H.},
  journal   = {IEEE Transactions on Intelligent Vehicles}, 
  title     = {GMR-RRT*: Sampling-Based Path Planning Using Gaussian Mixture Regression}, 
  year      = {2022},
  volume    = {7},
  number    = {3},
  pages     = {690-700},
  doi       = {10.1109/TIV.2022.3150748}
}

@ARTICLE{GAN,
  author={Zhang, Tianyi and Wang, Jiankun and Meng, Max Q.-H.},
  journal={IEEE/CAA Journal of Automatica Sinica}, 
  title={Generative Adversarial Network Based Heuristics for Sampling-Based Path Planning}, 
  year={2022},
  volume={9},
  number={1},
  pages={64-74},
  doi={10.1109/JAS.2021.1004275}
} 
  